@article{blum,
    author={Blum, T. and Paar, C.}, 
    title={Montgomery modular exponentiation on reconfigurable hardware},
    year={1999},
    doi={10.1109/ARITH.1999.762831}
}

@article{ZHANG2007456,
author = {Yuan-Yang Zhang and Zheng Li and Lei Yang and Shao-Wu Zhang},
title = {An efficient CSA architecture for montgomery modular multiplication},
year = {2007},
issn = {0141-9331},
doi = {https://doi.org/10.1016/j.micpro.2006.12.003},
}

@article{amanor,
author={Narh Amanor, D. and Paar, C. and Pelzl, J. and Bunimov, V. and Schimmler, M.},
title={Efficient hardware architectures for modular multiplication on FPGAs},
year={2005},
doi={10.1109/FPL.2005.1515780}
}

@article{Daly02efficientarchitectures,
    author = {Alan Daly},
    title = {Efficient Architectures for implementing Montgomery Modular Multiplication and RSA Modular Exponentiation on Reconfigurable Logic},
    year = {2002},
    doi={10.1145/503048.503055}
}

@ARTICLE{tenca_koc,
author={Tenca, A.F. and Koc, C.K.},
title={A scalable architecture for modular multiplication based on Montgomery's algorithm},
year={2003},
doi={10.1109/TC.2003.1228516}
}

@misc{mbedtls,
author={ARMmbed},
title={mbedtls},
url={https://github.com/ARMmbed/mbedtls}
}

@misc{libtomcrypt,
author={libtom},
title={libtomcrypt},
url={https://github.com/libtom/libtomcrypt}
}

@misc{bearssl,
author={Thomas Pornin},
title={BearSSL},
url={bearssl.org}
}

@techreport{rsa,
author={K. Moriarty},
year={2016},
url={https://datatracker.ietf.org/doc/rfc8017/}
}

@misc{rsa_long_msg,
	title={What's the best block cipher mode of operation for RSA?},
	howpublished={\url{https://crypto.stackexchange.com/questions/66314/whats-the-best-block-cipher-mode-of-operation-for-rsa}},
	note = {Accessed: 2021/09/09}
}

